@inproceedings{bumpy_ride,
    author = {John QUARLES and Samuel ANG},
    title = {You’re in for a Bumpy Ride! Uneven Terrain Increases Cybersickness While Navigating with Head Mounted Displays},
    booktitle = {IEEE Conference on Virtual Reality and 3D User Interfaces (VR)},
    year = {2022},
    pages = {428-435},
    doi = {10.1109/VR51125.2022.00062}
}

@article{audio_in_vr,
    author = {Angelika C. KERN and Wolfgang ELLERMEIER},
    title = {Audio in VR: Effects of a Soundscape and Movement-Triggered Step Sounds on Presence},
    journal = {frontiers in Robotics and AI},
    year = {2020},
    volume = {7},
    number = {20},
    doi = {10.3389/frobt.2020.00020}
}

@article{translational_motion,
    author = {Robert L. WATERS and James MORRIS and Jacquelin PERRYS},
    title = {TRANSLATIONAL MOTION OF THE HEAD AND TRUNK DURING NORMAL WALKING},
    journal = {J. Biomechanics},
    year = {1973},
    volume = {6},
    pages = {167-172}
}

@inproceedings{walking_vibe,
    author = {Yi-Hao PENG and Carolyn YU and Shi-Hong LIU and Chung-Wei WANG and Paul TAELE and Neng-Hao YU and Mike Y. CHEN},
    title = {WalkingVibe: Reducing Virtual Reality Sickness and Improving Realism while Walking in VR using Unobtrusive Head-mounted Vibrotactile Feedback},
    booktitle = {Proceedings of the 2020 CHI Conference on Human Factors in Computing Systems},
    year = {2020},
    doi = {10.1145/3313831.3376847}
}

@article{trigger_walking,
    author = {Bhuvaneswari SARUPURI and Frank STEINICKE and Simon HOERMANN and Robert W. LINDEMAN},
    title = {TriggerWalking: A Biomechanically-Inspired Locomotion User Interface for Efficient Realistic Virtual Walking},
    journal = {Proceedings of SUI},
    year = {2017},
    volume = {7},
    pages = {138-147},
    doi = {10.1145/3131277.3132177}
}

@misc{course,
  author = {Jean-Luc LUGRIN},
  title = {Navigation},
  year = {2024},
  note = {Course notes},
  howpublished = {University of Würzburg}
}